@misc{PolNal,
title = {{Hurto Automotores}},
url = {https://www.policia.gov.co/sites/default/files/Hurto Automotores.html},
urldate = {2020-09-28}
}

@article{Lecun2015,
author = {Lecun, Yann and Bengio, Yoshua and Hinton, Geoffrey},
title = {Deep learning},
journal = {Nature},
number = {7553},
pages = {436--444},
pmid = {26017442},
volume = {521},
year = {2015}
}

@article{Du2013,
author={S. Du and M. Ibrahim and M. Shehata and W. Badawy},
journal={IEEE Transactions on Circuits and Systems for Video Technology},
title={Automatic License Plate Recognition (ALPR): A State-of-the-Art Review},
year={2013},
volume={23},
number={2},
pages={311-325},
doi={10.1109/TCSVT.2012.2203741},
%ISSN={1558-2205},
month={Feb}
}

@article{Shivakumara2018,
author = {Shivakumara, Palaiahnakote and Tang, Dongqi and Asadzadehkaljahi, Maryam and Lu, Tong and Pal, Umapada and {Hossein Anisi}, Mohammad},
doi = {10.1049/trit.2018.1015},
journal = {CAAI Transactions on Intelligence Technology},
mendeley-groups = {plates recognition},
number = {3},
pages = {169--175},
title = {{CNN-RNN based method for license plate recognition}},
volume = {3},
year = {2018}
}

@article{Jorgensen2017,
author = {J{\o}rgensen, Hogne},
number = {July},
title = {Automatic License Plate Recognition using Deep Learning Techniques},
year = {2017}
}

@inproceedings{de2009character,
  title={Character recognition in natural images.},
  author={De Campos, Te{\'o}filo Em{\'\i}dio and Babu, Bodla Rakesh and Varma, Manik and others},
  journal = {Proceedings of the International Conference on Computer Vision Theory and Applications (VISAPP)},
  year={2009}
}

@Inbook{Bisong2019,
author="Bisong, Ekaba",
title="Google Colaboratory",
bookTitle="Building Machine Learning and Deep Learning Models on Google Cloud Platform: A Comprehensive Guide for Beginners",
year="2019",
publisher="Apress",
address="Berkeley, CA",
pages="59--64",
}

@article{rumelhart1995backpropagation,
  title={Backpropagation: The basic theory},
  author={Rumelhart, David E and Durbin, Richard and Golden, Richard and Chauvin, Yves},
  journal={Backpropagation: Theory, architectures and applications},
  pages={1--34},
  year={1995}
}

@article{Mallat2016,
author = {Mallat, St{\'{e}}phane},
title = {{Understanding deep convolutional networks}},
journal = {Philosophical Transactions of the Royal Society A: Mathematical, Physical and Engineering Sciences},
number = {2065},
pages = {1--17},
volume = {374},
year = {2016}
}

@article{Schmidhuber2015,
author = {Schmidhuber, J{\"{u}}rgen},
journal = {Neural Networks},
pages = {85--117},
publisher = {Elsevier Ltd},
title = {{Deep Learning in neural networks: An overview}},
volume = {61},
year = {2015}
}

@article{Halim2019,
author={Halim, S.A. and Zulkifli, M.S. and Zulkipli, M.A.},
title={The use of mathematical morphology and template matching in automatic malaysian car plate number recognition},
journal={Journal of Physics: Conference Series},
year={2019},
volume={1358},
number={1},
doi={10.1088/1742-6596/1358/1/012084},
art_number={012084},
}
@article{Wu20192744,
author={Wu, S. and Zhai, W. and Cao, Y.},
title={PixtextGan: Structure aware text image synthesis for license plate recognition},
journal={IET Image Processing},
year={2019},
volume={13},
number={14},
pages={2744-2752},
doi={10.1049/iet-ipr.2018.6588},
}
@ARTICLE{Astawa2019481,
author={Astawa, I.N.G.A. and Bawa, I.G.N.B.C. and Asri, S.A. and Kariati, N.M.},
title={Implementation of morphological segmentation and local binary pattern on K-Nn license plate recognition system},
journal={International Journal of Scientific and Technology Research},
year={2019},
volume={8},
number={11},
pages={481-482},
document_type={Article},
source={Scopus},
}

@ARTICLE{Kessentini2019159,
author={Kessentini, Y. and Besbes, M.D. and Ammar, S. and Chabbouh, A.},
title={A two-stage deep neural network for multi-norm license plate detection and recognition},
journal={Expert Systems with Applications},
year={2019},
volume={136},
pages={159-170},
}

%======
@article{DeCampos2009273,
author={De Campos, T.E. and Babu, B.R. and Varma, M.},
title={Character recognition in natural images},
journal={VISAPP - Proceedings of the 4th International Conference on Computer Vision Theory and Applications},
year={2009},
volume={2},
pages={273-280},
%note={Conference of 4th International Conference on Computer Vision Theory and Applications, VISAPP 2009},
%url={https://www.scopus.com/inward/record.uri?eid=2-s2.0-70349280061&partnerID=40&md5=6268b0827d4c2ff1b8b4aff11b1325bb},
%address={Lisboa},
}

@article{Calderon2017,
author={Calderon, J.A.F. and Vargas, J.S. and Perez-Ruiz, A.},
title={License plate recognition for Colombian private vehicles based on an embedded system using the ZedBoard},
journal={CCRA 2016: IEEE Colombian Conference on Robotics and Automation},
year={2017},
doi={10.1109/CCRA.2016.7811426},
art_number={7811426},
%note={cited By 0},
%url={https://www.scopus.com/inward/record.uri?eid=2-s2.0-85012031797&doi=10.1109%2fCCRA.2016.7811426&partnerID=40&md5=9c01b8795437591191ab6e87cd48e8f5},
%document_type={Conference Paper},
source={Scopus},
}

@book{Gonzalez2017,
  author = "Rafael C. Gonzalez and Richard E. Woods",
  title = "Digital image processing",
  publisher = "Pearson",
  address = "New York",
  year = 2017,
}

@article{Patino-Saucedo1281701,
   author = {Patino-Saucedo, A. and Rostro-Gonzalez, H. and Conradt, J{\"o}rg},
   journal = {ICONIP 2018: 25th International Conference on Neural Information Processing},
   institution = {KTH, Computational Science and Technology (CST)},
   institution = {Technical University of Munich, Germany},
  % note = {QC 20190123},
   pages = {371--379},
   title = {Tropical fruits classification using an alexnet-type convolutional neural network and image augmentation},
   series = {Lecture Notes in Computer Science (including subseries Lecture Notes in Artificial Intelligence and Lecture Notes in Bioinformatics)},
   number = {11304},
   volume = {11304},
   DOI = {10.1007/978-3-030-04212-7_32},
   ISBN = {9783030042110},
   year = {2018}
}

@article{matich2001redes,
  title={Redes Neuronales: Conceptos b{\'a}sicos y aplicaciones},
  author={Matich, Dami{\'a}n Jorge},
  journal={Universidad Tecnol{\'o}gica Nacional, M{\'e}xico},
  year={2001}
}

@book{diez2001introduccion,
  title={Introducci{\'o}n a la inteligencia artificial: sistemas expertos, redes neuronales artificiales y computaci{\'o}n evolutiva},
  author={D{\'\i}ez, Ra{\'u}l Pino and G{\'o}mez, Alberto G{\'o}mez and de Abajo Mart{\'\i}nez, Nicol{\'a}s},
  year={2001},
  publisher={Universidad de Oviedo}
}

@article{marin2013introduccion,
  title={Introducci{\'o}n a las redes neuronales aplicadas},
  author={Mar{\'\i}n, JM},
  journal={Curso de Expertos de UCM (consultado 6 de febrero de},
  year={2013}
}

@misc{lackes1998neuronal,
  title={Neuronal Networks: Basics and Applications. CBT (Computer Based Training)},
  author={Lackes, R and Mack, D and Ziola, J and Ahern, K},
  year={1998},
  publisher={Berl{\'\i}n/Heidelberg: Springer Verlag}
}

@article{lecun1989backpropagation,
  title={Backpropagation applied to handwritten zip code recognition},
  author={LeCun, Yann and Boser, Bernhard and Denker, John S and Henderson, Donnie and Howard, Richard E and Hubbard, Wayne and Jackel, Lawrence D},
  journal={Neural computation},
  volume={1},
  number={4},
  pages={541--551},
  year={1989},
  publisher={MIT Press}
}

@article{llano2010sistema,
  title={Sistema de captaci{\'o}n e identificaci{\'o}n de matr{\'\i}culas de veh{\'\i}culos},
  author={Llano, Eduardo Garea and Pons, Sandro Vega and Poo, Miguel Duval and Santos, Ulises Wrves},
  journal={V Taller de Nuevas Tecnolog{\'\i}as},
  year={2010}
}

@article{melo2019sistema,
  title={Sistema autom{\'a}tico de reconocimiento de placas vehiculares},
  author={Melo Morales, Jersson Andrey and V{\'a}squez Bernal, Juli{\'a}n Alejandro and others},
  year={2019},
  publisher={Universidad Cooperativa de Colombia, Facultad de Ingenier{\'\i}as, Ingenier{\'\i}a de~…}
}

@article{espinosaclasificacion,
  title={Clasificacion de especies de flores usando tecnicas de deep learning},
  author={Espinosa Ruiz, Cristian}
}

@article{cifuentes2019desarrollo,
  title={Desarrollo de una red neuronal convolucional para reconocer patrones en im{\'a}genes},
  author={Cifuentes, Adriana and Mendoza, Estefania and Lizcano, Miguel and Santrich, Andr{\'e}s and Moreno-Trillos, Silvia},
  journal={Investigaci{\'o}n y desarrollo en TIC},
  volume={10},
  number={2},
  pages={7--17},
  year={2019}
}

@article{quintero2018uso,
  title={Uso de Redes Neuronales Convolucionales para el Reconocimiento Autom{\'a}tico de Im{\'a}genes de Macroinvertebrados para el Biomonitoreo Participativo},
  author={Quintero, Carlos and Merch{\'a}n, Fernando and Cornejo, Ayde{\'e} and Gal{\'a}n, Javier S{\'a}nchez},
  journal={KnE Engineering},
  pages={585--596},
  year={2018}
}

@inproceedings{shang2018study,
  title={Study on echo features and classification methods of fish species},
  author={Shang, Yue and Li, Jianlong},
  booktitle={2018 10th International Conference on Wireless Communications and Signal Processing (WCSP)},
  pages={1--6},
  year={2018},
  organization={IEEE}
}

@inproceedings{schneider2018deep,
  title={Deep learning object detection methods for ecological camera trap data},
  author={Schneider, Stefan and Taylor, Graham W and Kremer, Stefan},
  booktitle={2018 15th Conference on computer and robot vision (CRV)},
  pages={321--328},
  year={2018},
  organization={IEEE}
}

@inproceedings{hayat2018deep,
  title={A deep learning framework using convolutional neural network for multi-class object recognition},
  author={Hayat, Shaukat and Kun, She and Tengtao, Zuo and Yu, Yue and Tu, Tianyi and Du, Yantong},
  booktitle={2018 IEEE 3rd International Conference on Image, Vision and Computing (ICIVC)},
  pages={194--198},
  year={2018},
  organization={IEEE}
}

@phdthesis{reategui2018aplicacion,
  title={Aplicaci{\'o}n inform{\'a}tica para reconocimiento de la especie camu camu (Myrciaria Dubia) a trav{\'e}s de redes neuronales convolucionales},
  author={Re{\'a}tegui, A and Velasco, M},
  year={2018},
  school={Tesis para optar el grado acad{\'e}mico de Maestro en Ingenier{\'\i}a de Sistemas~…}
}

@ONLINE {DYETRON,
    author = "DYETRON TECNOLOGIA S.A",
    title  = "Reconocimiento de placas.",
    year   = "2016",
    url    = "http://www.dyetron.com/html/peajesDT_f.html, Colombia 2006"
}

@ONLINE {Apple,
    author = "Apple",
    title  = "CoreML official website developed by Apple",
    url    = "https://developer.apple.com/machine-learning/"
}

@ONLINE {Google,
    author = "Google",
    title  = "Machine learning for mobile developers by Google",
    url    = "https://developers.google.com/ml-kit/"
}

@MASTERSTHESIS {TrabajodeGrado,
    author  = "CASTELL. Juan, PARRA. Diego y SEGURA. Camilo",
    title   = "Sistema de reconocimiento de matriculas de vehículos",
    school  = "Pontificia Universidad Javeriana",
    year    = "2005",
    type    = "Ingeniería Electrónica.",
    address = "Facultad de Ingeniería"
}

@MASTERSTHESIS {TrabajodeGrado2,
    author  = "PARRA. Carlos y RODRIGUEZ. Omar Ricardo.",
    title   = "Reconocimiento de caracteres impresos",
    school  = "Pontificia Universidad Javeriana",
    year    = "1992",
    type    = "Ingeniería Electrónica.",
    address = "Facultad de Ingeniería"
}

@ONLINE {Uniandes,
    author = "Universidad de los Andes",
    title  = "Sistema PerGeos",
    year   = "2016",
    url    = "https://sistemas.uniandes.edu.co/es/inicio/eventos/item/699-presentacion-del-software-pergeos-analiza-cualquier-tipo-de-imagenes-3d-de-materiales-porosos?"
}

@MASTERSTHESIS {trabajodegrado3,
    author  = "CINDY JOHANNA GONZÁLEZ DÍAZ, MABEL ROCIO LÓPEZ DÍAZ ,DIEGO GONZÁLEZ CASTILLO",
    title   = "DESARROLLO DE UN SISTEMA DE VISIÓN ARTIFICIAL PARA EL RECONOCIMIENTO DE PLACAS EN VEHICULOS PARTICULARES",
    school  = "UNIVERSIDAD DE SAN BUENAVENTURA",
    year    = "2008",
    type    = "Facultad de Ingenieria",
    address = "Ingenieria Mecatronica"
}

@ONLINE {HistoriaRNA,
    author = "Aprende Machine Learning",
    title  = "Breve Historia de las Redes Neuronales Artificiales",
    month  = "sep",
    year   = "2018",
    url    = "https://www.aprendemachinelearning.com/breve-historia-de-las-redes-neuronales-artificiales/#:~:text=El%20inicio%20de%20todo%3A%20la%20neurona%20artificial\&text=Entre%20las%20d%C3%A9cadas%20de%201950,potenciar%C3%ADan%20las%20redes%20neuronales%20artificiales."
}

@book{bengio2017deep,
  title={Deep learning},
  author={Bengio, Yoshua and Goodfellow, Ian and Courville, Aaron},
  volume={1},
  year={2017},
  publisher={MIT press Massachusetts, USA:}
}

@book{bengio2009learning,
  title={Learning deep architectures for AI},
  author={Bengio, Yoshua},
  year={2009},
  publisher={Now Publishers Inc}
}

@article{erroz2019visualizando,
  title={Visualizando neuronas en redes neuronales convolucionales},
  author={Erroz Arroyo, David},
  year={2019}
}

@article{lecun1998gradient,
  title={Gradient-based learning applied to document recognition},
  author={LeCun, Yann and Bottou, L{\'e}on and Bengio, Yoshua and Haffner, Patrick},
  journal={Proceedings of the IEEE},
  volume={86},
  number={11},
  pages={2278--2324},
  year={1998},
  publisher={Ieee}
}

@ONLINE {Algoritmos,
    author = "Revista APD",
    title  = "¿Cuáles son los tipos de algoritmos del machine learning?",
    month  = "apr",
    year   = "2019",
    url    = "https://www.apd.es/algoritmos-del-machine-learning/"
}

@book{chauvin1995backpropagation,
  title={Backpropagation: theory, architectures, and applications},
  author={Chauvin, Yves and Rumelhart, David E},
  year={1995},
  publisher={Psychology press}
}

@incollection{hecht1992theory,
  title={Theory of the backpropagation neural network},
  author={Hecht-Nielsen, Robert},
  booktitle={Neural networks for perception},
  pages={65--93},
  year={1992},
  publisher={Elsevier}
}

@ONLINE {softwarePlateSmart,
    author = "PlateSmart ARES Viewer",
    title  = "Software Platesmart",
    month  = "jun",
    year   = "2020",
    url    = "https://www.platesmart.com/"
}

@ONLINE {SoftwareOpen,
    author = "OpenALPR",
    title  = "Software OpenALPR",
    month  = "jun",
    year   = "2020",
    url    = "https://www.openalpr.com/"
}

@ONLINE {SoftwareNEC,
    author = "NEC ARGENTINA 2020",
    title  = "Analizador de matriculas de vehículos de NEC",
    month  = "jun",
    year   = "2020",
    url    = "https://ar.nec.com/es_AR/solutions/security/plateanalyzer.html"
}

@ONLINE {SoftwareVPAR,
    author = "Neural Labs - Soluciones en analítica de tráfico",
    title  = "VPAR – LIBRERÍA DE RECONOCIMIENTO DE PLACAS",
    month  = "jun",
    year   = "2020",
    url    = "http://www.neurallabs.net/es_BO/sistemas-ocr/lector-matriculas"
}

@misc{tensorflow2015-whitepaper,
title={ {TensorFlow}: Large-Scale Machine Learning on Heterogeneous Systems},
url={https://www.tensorflow.org/},
note={Software available from tensorflow.org},
author={
    Mart\'{\i}n~Abadi and
    Ashish~Agarwal and
    Paul~Barham and
    Eugene~Brevdo and
    Zhifeng~Chen and
    Craig~Citro and
    Greg~S.~Corrado and
    Andy~Davis and
    Jeffrey~Dean and
    Matthieu~Devin and
    Sanjay~Ghemawat and
    Ian~Goodfellow and
    Andrew~Harp and
    Geoffrey~Irving and
    Michael~Isard and
    Yangqing Jia and
    Rafal~Jozefowicz and
    Lukasz~Kaiser and
    Manjunath~Kudlur and
    Josh~Levenberg and
    Dandelion~Man\'{e} and
    Rajat~Monga and
    Sherry~Moore and
    Derek~Murray and
    Chris~Olah and
    Mike~Schuster and
    Jonathon~Shlens and
    Benoit~Steiner and
    Ilya~Sutskever and
    Kunal~Talwar and
    Paul~Tucker and
    Vincent~Vanhoucke and
    Vijay~Vasudevan and
    Fernanda~Vi\'{e}gas and
    Oriol~Vinyals and
    Pete~Warden and
    Martin~Wattenberg and
    Martin~Wicke and
    Yuan~Yu and
    Xiaoqiang~Zheng},
  year={2015},
}

@inproceedings{lin2014microsoft,
  title={Microsoft coco: Common objects in context},
  author={Lin, Tsung-Yi and Maire, Michael and Belongie, Serge and Hays, James and Perona, Pietro and Ramanan, Deva and Doll{\'a}r, Piotr and Zitnick, C Lawrence},
  booktitle={European conference on computer vision},
  pages={740--755},
  year={2014},
  organization={Springer}
}

@misc{de2012chars74k,
  title={The chars74k dataset: Character recognition in natural images. university of surrey. guildford, surrey, uk},
  author={de Campos, TE},
  year={2012}
}

@misc{de2009chars74k,
  title={The chars74k dataset},
  author={de Campos, TE and Bodla, RB and Varma, M},
  year={2009}
}

@article{opencv_library,
    author = {Bradski, G.},
    citeulike-article-id = {2236121},
    journal = {Dr. Dobb's Journal of Software Tools},
    keywords = {bibtex-import},
    posted-at = {2008-01-15 19:21:54},
    priority = {4},
    title = {{The OpenCV Library}},
    year = {2000}
}

@inproceedings{calderon2016license,
  title={License plate recognition for Colombian private vehicles based on an embedded system using the ZedBoard},
  author={Calderon, Jos{\'e} Alejandro Franco and Vargas, Javier Soto and P{\'e}rez-Ruiz, Alexander},
  booktitle={2016 IEEE Colombian Conference on Robotics and Automation (CCRA)},
  pages={1--6},
  year={2016},
  organization={IEEE}
}

@article{noaman2012optical,
  title={Optical character recognition based on genetic algorithms},
  author={Noaman, Khaled MG and Saif, Jamil Abdulhameed M and Alqubati, Ibrahim AA},
  journal={Journal of Emerging Trends in Computing and Information Sciences},
  volume={6},
  number={4},
  pages={203--208},
  year={2012}
}

@article{cika2011detection,
  title={Detection and recognition of license plates of czech vehicles},
  author={Cika, P and Zukal, M and Sebela, M},
  journal={Electrorevue},
  volume={2},
  pages={6},
  year={2011}
}

@article{patel2013automatic,
  title={Automatic number plate recognition system (anpr): A survey},
  author={Patel, Chirag and Shah, Dipti and Patel, Atul},
  journal={International Journal of Computer Applications},
  volume={69},
  number={9},
  year={2013},
  publisher={Foundation of Computer Science}
}

@mastersthesis{pineda2019diseno,
  title={Dise{\~n}o de un sistema de reconocimiento autom{\'a}tico de veh{\'\i}culos mediante el uso de redes neuronales profundas (DNN)},
  author={Pineda Pasquel, Cynthia Pamela},
  type={{B.S.} thesis},
  year={2019}
}

@article{shivakumara2018cnn,
  title={CNN-RNN based method for license plate recognition},
  author={Shivakumara, Palaiahnakote and Tang, Dongqi and Asadzadehkaljahi, Maryam and Lu, Tong and Pal, Umapada and Anisi, Mohammad Hossein},
  journal={CAAI Transactions on Intelligence Technology},
  volume={3},
  number={3},
  pages={169--175},
  year={2018},
  publisher={IET}
}

@phdthesis{montiel2010reconocimiento,
  title={RECONOCIMIENTO DE PLACAS VEHICULARES},
  author={MONTIEL, ING JOSE LUIS DELGADO},
  year={2010},
  school={INSTITUTO POLIT{\'E}CNICO NACIONAL}
}

@mastersthesis{espinoza2015desarrollo,
  title={Desarrollo de un Sistema de Reconocimiento de Placas Vehiculares},
  author={Espinoza Saquicela, Darwin Dar{\'\i}o and Salinas Escobar, Christian Antonio},
  type={{B.S.} thesis},
  year={2015},
  school={Universidad del Azuay}
}

@mastersthesis{alvarez2014analisis,
  title={An{\'a}lisis, dise{\~n}o e implementaci{\'o}n de un sistema de control de ingreso de veh{\'\i}culos basado en visi{\'o}n artificial y reconocimiento de placas en el parqueadero de la Universidad Polit{\'e}cnica Salesiana-Sede Cuenca},
  author={{\'A}lvarez Dur{\'a}n, Mayra Alejandra},
  type={{B.S.} thesis},
  year={2014}
}

@article{rojas2017desarrollo,
  title={Desarrollo de un sistema de reconocimiento de placas y su influencia en la detecci{\'o}n de veh{\'\i}culos robados en la Municipalidad de San Isidro},
  author={Rojas Pastrana, Dennis Lida},
  year={2017},
  publisher={Universidad Inca Garcilaso de la Vega}
}

@article{chu2019sistema,
  title={Sistema de reconocimiento de placas vehiculares para mejorar el registro de veh{\'\i}culos en el Hospedaje Suites Recreo-2019},
  author={Chu Carranza, Victor Rodulfo},
  year={2019},
  publisher={Universidad C{\'e}sar Vallejo}
}

@article{duran2017redes,
  title={Redes neuronales convolucionales en R: Reconocimiento de caracteres escritos a mano},
  author={Dur{\'a}n Su{\'a}rez, Jaime},
  year={2017}
}

@misc{pacheco2017identificacion,
  title={Identificaci{\'o}n de sistemas no lineales con redes neuronales convolucionales},
  author={Pacheco, MA},
  year={2017},
  publisher={Cuidad de Mexico: CENTRO DE INVESTIGACION Y DE ESTUDIOS AVANZADOS}
}

@article{bouvrie2006notes,
  title={Notes on convolutional neural networks},
  author={Bouvrie, Jake},
  year={2006}
}

@article{nunez2016diseno,
  title={Dise{\~n}o de un sistema de reconocimiento autom{\'a}tico de matr{\'\i}culas de veh{\'\i}culos mediante una red neuronal convolucional},
  author={N{\'u}{\~n}ez S{\'a}nchez-Agustino, Francisco Jos{\'e}},
  year={2016},
  publisher={Universitat Oberta de Catalunya}
}

@ONLINE {Taguri_missinglink.ai,
    author = "missinglink.ai",
    title  = "Creación de una R-CNN más rápida en TensorFlow: introducción y ejemplos",
    month  = "jun",
    year   = "2020",
    url    = "https://missinglink.ai/guides/tensorflow/building-faster-r-cnn-on-tensorflow-introduction-and-examples/"
}

@article{Ren_2017,
   title={Faster R-CNN: Towards Real-Time Object Detection with Region Proposal Networks},
   volume={39},
   ISSN={2160-9292},
   url={http://dx.doi.org/10.1109/TPAMI.2016.2577031},
   DOI={10.1109/tpami.2016.2577031},
   number={6},
   journal={IEEE Transactions on Pattern Analysis and Machine Intelligence},
   publisher={Institute of Electrical and Electronics Engineers (IEEE)},
   author={Ren, Shaoqing and He, Kaiming and Girshick, Ross and Sun, Jian},
   year={2017},
   month={Jun},
   pages={1137–1149}
}

@article{DBLP:journals/corr/RenHG015,
  author    = {Shaoqing Ren and
               Kaiming He and
               Ross B. Girshick and
               Jian Sun},
  title     = {Faster {R-CNN:} Towards Real-Time Object Detection with Region Proposal
               Networks},
  journal   = {CoRR},
  volume    = {abs/1506.01497},
  year      = {2015},
  url       = {http://arxiv.org/abs/1506.01497},
  archivePrefix = {arXiv},
  eprint    = {1506.01497},
  timestamp = {Mon, 13 Aug 2018 16:46:02 +0200},
  biburl    = {https://dblp.org/rec/journals/corr/RenHG015.bib},
  bibsource = {dblp computer science bibliography, https://dblp.org}
}

@article{danjuma2015performance,
  title={Performance evaluation of machine learning algorithms in post-operative life expectancy in the lung cancer patients},
  author={Danjuma, Kwetishe Joro},
  journal={arXiv preprint arXiv:1504.04646},
  pages={7--9},
  year={2015}
}

@article{borja2020estandarizacion,
  title={Estandarizaci{\'o}n de m{\'e}tricas de rendimiento para clasificadores Machine y Deep Learning},
  author={Borja-Robalino, Ricardo and Monle{\'o}n-Getino, Antonio and Rodellar, Jos{\'e}},
  journal={Revista Ib{\'e}rica de Sistemas e Tecnologias de Informa{\c{c}}{\~a}o},
  number={30},
  pages={184--196},
  year={2020},
  publisher={Associa{\c{c}}{\~a}o Ib{\'e}rica de Sistemas e Tecnologias de Informacao}
}

@web_page{juanbarrios_metricas,
   title = {Clases desbalanceadas en modelos de Machine Learning},
   url = {https://www.juanbarrios.com/clases-desbalanceadas/},
}


